@article{Juice,
  author={Juice Analytics},
    title={A Guide to Creating Dashboards},
   year={2009}
}

@ONLINE{SPAWikipedia,
title = {Single-page application{@ONLINE}},
url = {http://en.wikipedia.org/wiki/Single-page_application}
}
@ONLINE{express,
title = {Express website{@ONLINE}},
url = {http://expressjs.com/}
}
@ONLINE{node,
title = {Express.js website{@ONLINE}},
url = {http://nodejs.org/}
}

@article{appification,
  author={Steven Willmot  -3Scale CEO},
    title={Javascript and the app-ification of the Web},
   year={2012}
}